<record><leader>00000cas a2200000 a 4500</leader><controlfield tag="001">34428975</controlfield><controlfield tag="007">hd afu---baca</controlfield><controlfield tag="008">960321d18681870iaudn nea     0    0eng d</controlfield><datafield ind1=" " ind2=" " tag="010"><subfield code="a">sn 96080095 </subfield></datafield><datafield ind1=" " ind2=" " tag="040"><subfield code="a">NVG</subfield><subfield code="b">eng</subfield><subfield code="c">NVG</subfield><subfield code="d">OCL</subfield><subfield code="d">OCLCQ</subfield></datafield><datafield ind1=" " ind2=" " tag="042"><subfield code="a">msc</subfield></datafield><datafield ind1=" " ind2=" " tag="043"><subfield code="a">n-us-ia</subfield></datafield><datafield ind1="0" ind2="0" tag="245"><subfield code="a">Council Bluffs evening bugle.</subfield></datafield><datafield ind1="1" ind2=" " tag="246"><subfield code="i">Title in publisher's box:</subfield><subfield code="a">Daily bugle,</subfield><subfield code="f">&lt;Jan. 2, 1869-June 28, 1870&gt;</subfield></datafield><datafield ind1="1" ind2=" " tag="246"><subfield code="i">Title in publisher's box:</subfield><subfield code="a">Evening bugle,</subfield><subfield code="f">Mar. 28-&lt;June 28&gt;, 1870</subfield></datafield><datafield ind1=" " ind2=" " tag="260"><subfield code="a">Council Bluffs, Iowa :</subfield><subfield code="b">C.H. Babbitt</subfield></datafield><datafield ind1=" " ind2=" " tag="300"><subfield code="a">volumes</subfield></datafield><datafield ind1=" " ind2=" " tag="310"><subfield code="a">Daily (except Sun.)</subfield></datafield><datafield ind1=" " ind2=" " tag="336"><subfield code="a">text</subfield><subfield code="b">txt</subfield><subfield code="2">rdacontent</subfield></datafield><datafield ind1=" " ind2=" " tag="337"><subfield code="a">microform</subfield><subfield code="b">h</subfield><subfield code="2">rdamedia</subfield></datafield><datafield ind1=" " ind2=" " tag="338"><subfield code="a">microfilm reel</subfield><subfield code="b">hd</subfield><subfield code="2">rdacarrier</subfield></datafield><datafield ind1="1" ind2=" " tag="362"><subfield code="a">Issued Jan. 1868?-July 1870?</subfield></datafield><datafield ind1=" " ind2=" " tag="515"><subfield code="a">Issue numbering dropped with v. 3, Jan. 3, 1870.</subfield></datafield><datafield ind1=" " ind2=" " tag="580"><subfield code="a">Weekly eds.: Council Bluffs bugle (Council Bluffs, Iowa : 1860), 1868, and: Council Bluffs weekly bugle, 1868-1869, and: Council Bluffs bugle (Council Bluffs, Iowa : 1870), 1870.</subfield></datafield><datafield ind1=" " ind2=" " tag="588"><subfield code="a">Description based on: Vol. 2, no. 1 (Jan. 2, 1869).</subfield></datafield><datafield ind1=" " ind2=" " tag="533"><subfield code="a">Microfilm.</subfield><subfield code="b">Chicago :</subfield><subfield code="c">Recordak Corp.</subfield><subfield code="e">microfilm reels ; 35 mm.</subfield></datafield><datafield ind1=" " ind2=" " tag="752"><subfield code="a">United States</subfield><subfield code="b">Iowa</subfield><subfield code="c">Pottawattamie</subfield><subfield code="d">Council Bluffs.</subfield></datafield><datafield ind1="1" ind2=" " tag="775"><subfield code="t">Council Bluffs bugle (Council Bluffs, Iowa : 1860)</subfield><subfield code="w">(DLC)sn 96080092</subfield></datafield><datafield ind1="1" ind2=" " tag="775"><subfield code="t">Council Bluffs weekly bugle</subfield><subfield code="w">(DLC)sn 96080093</subfield></datafield><datafield ind1="1" ind2=" " tag="775"><subfield code="t">Council Bluffs bugle (Council Bluffs, Iowa : 1870)</subfield></datafield><datafield ind1="1" ind2=" " tag="029"><subfield code="a">AU@</subfield><subfield code="b">000012446555</subfield></datafield></record>